%YAML 1.1
%TAG !u! tag:unity3d.com,2011:
--- !u!1 &100386
GameObject:
  m_ObjectHideFlags: 1
  m_PrefabParentObject: {fileID: 0}
  m_PrefabInternal: {fileID: 100100000}
  serializedVersion: 4
  m_Component:
  - 4: {fileID: 437064}
  m_Layer: 0
  m_Name: GenericFemaleLeftMiddle2
  m_TagString: Untagged
  m_Icon: {fileID: 0}
  m_NavMeshLayer: 0
  m_StaticEditorFlags: 0
  m_IsActive: 1
--- !u!1 &100442
GameObject:
  m_ObjectHideFlags: 1
  m_PrefabParentObject: {fileID: 0}
  m_PrefabInternal: {fileID: 100100000}
  serializedVersion: 4
  m_Component:
  - 4: {fileID: 468616}
  m_Layer: 0
  m_Name: GenericFemaleLeftHand
  m_TagString: Untagged
  m_Icon: {fileID: 0}
  m_NavMeshLayer: 0
  m_StaticEditorFlags: 0
  m_IsActive: 1
--- !u!1 &106480
GameObject:
  m_ObjectHideFlags: 0
  m_PrefabParentObject: {fileID: 0}
  m_PrefabInternal: {fileID: 100100000}
  serializedVersion: 4
  m_Component:
  - 4: {fileID: 495880}
  - 137: {fileID: 13771146}
  m_Layer: 0
  m_Name: Generic_Female_01_Skirt
  m_TagString: Untagged
  m_Icon: {fileID: 0}
  m_NavMeshLayer: 0
  m_StaticEditorFlags: 0
  m_IsActive: 1
--- !u!1 &107602
GameObject:
  m_ObjectHideFlags: 1
  m_PrefabParentObject: {fileID: 0}
  m_PrefabInternal: {fileID: 100100000}
  serializedVersion: 4
  m_Component:
  - 4: {fileID: 450726}
  m_Layer: 0
  m_Name: GenericFemaleRightThumb1
  m_TagString: Untagged
  m_Icon: {fileID: 0}
  m_NavMeshLayer: 0
  m_StaticEditorFlags: 0
  m_IsActive: 1
--- !u!1 &110826
GameObject:
  m_ObjectHideFlags: 0
  m_PrefabParentObject: {fileID: 0}
  m_PrefabInternal: {fileID: 100100000}
  serializedVersion: 4
  m_Component:
  - 4: {fileID: 479306}
  - 137: {fileID: 13747514}
  m_Layer: 0
  m_Name: Generic_Female_01_Hands
  m_TagString: Untagged
  m_Icon: {fileID: 0}
  m_NavMeshLayer: 0
  m_StaticEditorFlags: 0
  m_IsActive: 1
--- !u!1 &110984
GameObject:
  m_ObjectHideFlags: 1
  m_PrefabParentObject: {fileID: 0}
  m_PrefabInternal: {fileID: 100100000}
  serializedVersion: 4
  m_Component:
  - 4: {fileID: 435402}
  m_Layer: 0
  m_Name: GenericFemaleLeftIndex2
  m_TagString: Untagged
  m_Icon: {fileID: 0}
  m_NavMeshLayer: 0
  m_StaticEditorFlags: 0
  m_IsActive: 1
--- !u!1 &113404
GameObject:
  m_ObjectHideFlags: 1
  m_PrefabParentObject: {fileID: 0}
  m_PrefabInternal: {fileID: 100100000}
  serializedVersion: 4
  m_Component:
  - 4: {fileID: 492288}
  m_Layer: 0
  m_Name: GenericFemaleLeftRing1
  m_TagString: Untagged
  m_Icon: {fileID: 0}
  m_NavMeshLayer: 0
  m_StaticEditorFlags: 0
  m_IsActive: 1
--- !u!1 &114338
GameObject:
  m_ObjectHideFlags: 1
  m_PrefabParentObject: {fileID: 0}
  m_PrefabInternal: {fileID: 100100000}
  serializedVersion: 4
  m_Component:
  - 4: {fileID: 421560}
  m_Layer: 0
  m_Name: GenericFemaleRightPinkie1
  m_TagString: Untagged
  m_Icon: {fileID: 0}
  m_NavMeshLayer: 0
  m_StaticEditorFlags: 0
  m_IsActive: 1
--- !u!1 &116914
GameObject:
  m_ObjectHideFlags: 1
  m_PrefabParentObject: {fileID: 0}
  m_PrefabInternal: {fileID: 100100000}
  serializedVersion: 4
  m_Component:
  - 4: {fileID: 423920}
  m_Layer: 0
  m_Name: GenericFemaleLeftRing2
  m_TagString: Untagged
  m_Icon: {fileID: 0}
  m_NavMeshLayer: 0
  m_StaticEditorFlags: 0
  m_IsActive: 1
--- !u!1 &119770
GameObject:
  m_ObjectHideFlags: 1
  m_PrefabParentObject: {fileID: 0}
  m_PrefabInternal: {fileID: 100100000}
  serializedVersion: 4
  m_Component:
  - 4: {fileID: 492624}
  m_Layer: 0
  m_Name: GenericFemaleRightToes
  m_TagString: Untagged
  m_Icon: {fileID: 0}
  m_NavMeshLayer: 0
  m_StaticEditorFlags: 0
  m_IsActive: 1
--- !u!1 &120132
GameObject:
  m_ObjectHideFlags: 1
  m_PrefabParentObject: {fileID: 0}
  m_PrefabInternal: {fileID: 100100000}
  serializedVersion: 4
  m_Component:
  - 4: {fileID: 477248}
  m_Layer: 0
  m_Name: GenericFemaleLeftLowerArm
  m_TagString: Untagged
  m_Icon: {fileID: 0}
  m_NavMeshLayer: 0
  m_StaticEditorFlags: 0
  m_IsActive: 1
--- !u!1 &120880
GameObject:
  m_ObjectHideFlags: 1
  m_PrefabParentObject: {fileID: 0}
  m_PrefabInternal: {fileID: 100100000}
  serializedVersion: 4
  m_Component:
  - 4: {fileID: 437828}
  m_Layer: 0
  m_Name: GenericFemaleLeftFoot
  m_TagString: Untagged
  m_Icon: {fileID: 0}
  m_NavMeshLayer: 0
  m_StaticEditorFlags: 0
  m_IsActive: 1
--- !u!1 &123060
GameObject:
  m_ObjectHideFlags: 1
  m_PrefabParentObject: {fileID: 0}
  m_PrefabInternal: {fileID: 100100000}
  serializedVersion: 4
  m_Component:
  - 4: {fileID: 488460}
  m_Layer: 0
  m_Name: GenericFemaleRightHand
  m_TagString: Untagged
  m_Icon: {fileID: 0}
  m_NavMeshLayer: 0
  m_StaticEditorFlags: 0
  m_IsActive: 1
--- !u!1 &125370
GameObject:
  m_ObjectHideFlags: 1
  m_PrefabParentObject: {fileID: 0}
  m_PrefabInternal: {fileID: 100100000}
  serializedVersion: 4
  m_Component:
  - 4: {fileID: 430372}
  m_Layer: 0
  m_Name: GenericFemaleRightUpperArm
  m_TagString: Untagged
  m_Icon: {fileID: 0}
  m_NavMeshLayer: 0
  m_StaticEditorFlags: 0
  m_IsActive: 1
--- !u!1 &125828
GameObject:
  m_ObjectHideFlags: 0
  m_PrefabParentObject: {fileID: 0}
  m_PrefabInternal: {fileID: 100100000}
  serializedVersion: 4
  m_Component:
  - 4: {fileID: 482598}
  - 137: {fileID: 13700604}
  m_Layer: 0
  m_Name: Generic_Female_01_Hair
  m_TagString: Untagged
  m_Icon: {fileID: 0}
  m_NavMeshLayer: 0
  m_StaticEditorFlags: 0
  m_IsActive: 1
--- !u!1 &126358
GameObject:
  m_ObjectHideFlags: 1
  m_PrefabParentObject: {fileID: 0}
  m_PrefabInternal: {fileID: 100100000}
  serializedVersion: 4
  m_Component:
  - 4: {fileID: 479314}
  m_Layer: 0
  m_Name: GenericFemaleSpine
  m_TagString: Untagged
  m_Icon: {fileID: 0}
  m_NavMeshLayer: 0
  m_StaticEditorFlags: 0
  m_IsActive: 1
--- !u!1 &127604
GameObject:
  m_ObjectHideFlags: 0
  m_PrefabParentObject: {fileID: 0}
  m_PrefabInternal: {fileID: 100100000}
  serializedVersion: 4
  m_Component:
  - 4: {fileID: 453904}
  - 95: {fileID: 9539748}
  - 114: {fileID: 11475122}
  m_Layer: 0
  m_Name: Generic_Female
  m_TagString: Untagged
  m_Icon: {fileID: 0}
  m_NavMeshLayer: 0
  m_StaticEditorFlags: 0
  m_IsActive: 1
--- !u!1 &128540
GameObject:
  m_ObjectHideFlags: 0
  m_PrefabParentObject: {fileID: 0}
  m_PrefabInternal: {fileID: 100100000}
  serializedVersion: 4
  m_Component:
  - 4: {fileID: 482884}
  - 137: {fileID: 13709922}
  m_Layer: 0
  m_Name: Generic_Female_01_Shoes
  m_TagString: Untagged
  m_Icon: {fileID: 0}
  m_NavMeshLayer: 0
  m_StaticEditorFlags: 0
  m_IsActive: 1
--- !u!1 &128580
GameObject:
  m_ObjectHideFlags: 1
  m_PrefabParentObject: {fileID: 0}
  m_PrefabInternal: {fileID: 100100000}
  serializedVersion: 4
  m_Component:
  - 4: {fileID: 448070}
  m_Layer: 0
  m_Name: GenericFemaleRightThumb3
  m_TagString: Untagged
  m_Icon: {fileID: 0}
  m_NavMeshLayer: 0
  m_StaticEditorFlags: 0
  m_IsActive: 1
--- !u!1 &128634
GameObject:
  m_ObjectHideFlags: 1
  m_PrefabParentObject: {fileID: 0}
  m_PrefabInternal: {fileID: 100100000}
  serializedVersion: 4
  m_Component:
  - 4: {fileID: 471934}
  m_Layer: 0
  m_Name: GenericFemaleLeftMiddle3
  m_TagString: Untagged
  m_Icon: {fileID: 0}
  m_NavMeshLayer: 0
  m_StaticEditorFlags: 0
  m_IsActive: 1
--- !u!1 &130062
GameObject:
  m_ObjectHideFlags: 1
  m_PrefabParentObject: {fileID: 0}
  m_PrefabInternal: {fileID: 100100000}
  serializedVersion: 4
  m_Component:
  - 4: {fileID: 490608}
  m_Layer: 0
  m_Name: GenericFemaleRightMiddle3
  m_TagString: Untagged
  m_Icon: {fileID: 0}
  m_NavMeshLayer: 0
  m_StaticEditorFlags: 0
  m_IsActive: 1
--- !u!1 &131442
GameObject:
  m_ObjectHideFlags: 1
  m_PrefabParentObject: {fileID: 0}
  m_PrefabInternal: {fileID: 100100000}
  serializedVersion: 4
  m_Component:
  - 4: {fileID: 470514}
  m_Layer: 0
  m_Name: GenericFemaleLeftUpperArm
  m_TagString: Untagged
  m_Icon: {fileID: 0}
  m_NavMeshLayer: 0
  m_StaticEditorFlags: 0
  m_IsActive: 1
--- !u!1 &131528
GameObject:
  m_ObjectHideFlags: 1
  m_PrefabParentObject: {fileID: 0}
  m_PrefabInternal: {fileID: 100100000}
  serializedVersion: 4
  m_Component:
  - 4: {fileID: 450422}
  m_Layer: 0
  m_Name: GenericFemaleLeftToes
  m_TagString: Untagged
  m_Icon: {fileID: 0}
  m_NavMeshLayer: 0
  m_StaticEditorFlags: 0
  m_IsActive: 1
--- !u!1 &133186
GameObject:
  m_ObjectHideFlags: 1
  m_PrefabParentObject: {fileID: 0}
  m_PrefabInternal: {fileID: 100100000}
  serializedVersion: 4
  m_Component:
  - 4: {fileID: 499162}
  m_Layer: 0
  m_Name: GenericFemaleLeftIndex1
  m_TagString: Untagged
  m_Icon: {fileID: 0}
  m_NavMeshLayer: 0
  m_StaticEditorFlags: 0
  m_IsActive: 1
--- !u!1 &134420
GameObject:
  m_ObjectHideFlags: 1
  m_PrefabParentObject: {fileID: 0}
  m_PrefabInternal: {fileID: 100100000}
  serializedVersion: 4
  m_Component:
  - 4: {fileID: 475270}
  m_Layer: 0
  m_Name: GenericFemaleRightRing3
  m_TagString: Untagged
  m_Icon: {fileID: 0}
  m_NavMeshLayer: 0
  m_StaticEditorFlags: 0
  m_IsActive: 1
--- !u!1 &136142
GameObject:
  m_ObjectHideFlags: 1
  m_PrefabParentObject: {fileID: 0}
  m_PrefabInternal: {fileID: 100100000}
  serializedVersion: 4
  m_Component:
  - 4: {fileID: 404588}
  m_Layer: 0
  m_Name: GenericFemaleRightRing2
  m_TagString: Untagged
  m_Icon: {fileID: 0}
  m_NavMeshLayer: 0
  m_StaticEditorFlags: 0
  m_IsActive: 1
--- !u!1 &141388
GameObject:
  m_ObjectHideFlags: 1
  m_PrefabParentObject: {fileID: 0}
  m_PrefabInternal: {fileID: 100100000}
  serializedVersion: 4
  m_Component:
  - 4: {fileID: 411986}
  m_Layer: 0
  m_Name: GenericFemaleLeftLowerLeg
  m_TagString: Untagged
  m_Icon: {fileID: 0}
  m_NavMeshLayer: 0
  m_StaticEditorFlags: 0
  m_IsActive: 1
--- !u!1 &141772
GameObject:
  m_ObjectHideFlags: 1
  m_PrefabParentObject: {fileID: 0}
  m_PrefabInternal: {fileID: 100100000}
  serializedVersion: 4
  m_Component:
  - 4: {fileID: 449926}
  m_Layer: 0
  m_Name: GenericFemaleRightShoulder
  m_TagString: Untagged
  m_Icon: {fileID: 0}
  m_NavMeshLayer: 0
  m_StaticEditorFlags: 0
  m_IsActive: 1
--- !u!1 &143004
GameObject:
  m_ObjectHideFlags: 1
  m_PrefabParentObject: {fileID: 0}
  m_PrefabInternal: {fileID: 100100000}
  serializedVersion: 4
  m_Component:
  - 4: {fileID: 420910}
  m_Layer: 0
  m_Name: GenericFemaleRightFoot
  m_TagString: Untagged
  m_Icon: {fileID: 0}
  m_NavMeshLayer: 0
  m_StaticEditorFlags: 0
  m_IsActive: 1
--- !u!1 &145504
GameObject:
  m_ObjectHideFlags: 1
  m_PrefabParentObject: {fileID: 0}
  m_PrefabInternal: {fileID: 100100000}
  serializedVersion: 4
  m_Component:
  - 4: {fileID: 485196}
  m_Layer: 0
  m_Name: GenericFemaleLeftThumb2
  m_TagString: Untagged
  m_Icon: {fileID: 0}
  m_NavMeshLayer: 0
  m_StaticEditorFlags: 0
  m_IsActive: 1
--- !u!1 &149134
GameObject:
  m_ObjectHideFlags: 1
  m_PrefabParentObject: {fileID: 0}
  m_PrefabInternal: {fileID: 100100000}
  serializedVersion: 4
  m_Component:
  - 4: {fileID: 468422}
  m_Layer: 0
  m_Name: GenericFemaleNeck
  m_TagString: Untagged
  m_Icon: {fileID: 0}
  m_NavMeshLayer: 0
  m_StaticEditorFlags: 0
  m_IsActive: 1
--- !u!1 &149714
GameObject:
  m_ObjectHideFlags: 1
  m_PrefabParentObject: {fileID: 0}
  m_PrefabInternal: {fileID: 100100000}
  serializedVersion: 4
  m_Component:
  - 4: {fileID: 419888}
  m_Layer: 0
  m_Name: GenericFemaleRightLowerLeg
  m_TagString: Untagged
  m_Icon: {fileID: 0}
  m_NavMeshLayer: 0
  m_StaticEditorFlags: 0
  m_IsActive: 1
--- !u!1 &151466
GameObject:
  m_ObjectHideFlags: 1
  m_PrefabParentObject: {fileID: 0}
  m_PrefabInternal: {fileID: 100100000}
  serializedVersion: 4
  m_Component:
  - 4: {fileID: 431958}
  m_Layer: 0
  m_Name: GenericFemaleLeftRing3
  m_TagString: Untagged
  m_Icon: {fileID: 0}
  m_NavMeshLayer: 0
  m_StaticEditorFlags: 0
  m_IsActive: 1
--- !u!1 &154904
GameObject:
  m_ObjectHideFlags: 1
  m_PrefabParentObject: {fileID: 0}
  m_PrefabInternal: {fileID: 100100000}
  serializedVersion: 4
  m_Component:
  - 4: {fileID: 426754}
  m_Layer: 0
  m_Name: GenericFemaleRightMiddle2
  m_TagString: Untagged
  m_Icon: {fileID: 0}
  m_NavMeshLayer: 0
  m_StaticEditorFlags: 0
  m_IsActive: 1
--- !u!1 &157876
GameObject:
  m_ObjectHideFlags: 1
  m_PrefabParentObject: {fileID: 0}
  m_PrefabInternal: {fileID: 100100000}
  serializedVersion: 4
  m_Component:
  - 4: {fileID: 496196}
  m_Layer: 0
  m_Name: GenericFemaleLeftMiddle1
  m_TagString: Untagged
  m_Icon: {fileID: 0}
  m_NavMeshLayer: 0
  m_StaticEditorFlags: 0
  m_IsActive: 1
--- !u!1 &162842
GameObject:
  m_ObjectHideFlags: 1
  m_PrefabParentObject: {fileID: 0}
  m_PrefabInternal: {fileID: 100100000}
  serializedVersion: 4
  m_Component:
  - 4: {fileID: 452380}
  m_Layer: 0
  m_Name: GenericFemaleLeftPinkie1
  m_TagString: Untagged
  m_Icon: {fileID: 0}
  m_NavMeshLayer: 0
  m_StaticEditorFlags: 0
  m_IsActive: 1
--- !u!1 &162978
GameObject:
  m_ObjectHideFlags: 0
  m_PrefabParentObject: {fileID: 0}
  m_PrefabInternal: {fileID: 100100000}
  serializedVersion: 4
  m_Component:
  - 4: {fileID: 434710}
  - 137: {fileID: 13706028}
  m_Layer: 0
  m_Name: Generic_Female_01_Jacket
  m_TagString: Untagged
  m_Icon: {fileID: 0}
  m_NavMeshLayer: 0
  m_StaticEditorFlags: 0
  m_IsActive: 1
--- !u!1 &163006
GameObject:
  m_ObjectHideFlags: 0
  m_PrefabParentObject: {fileID: 0}
  m_PrefabInternal: {fileID: 100100000}
  serializedVersion: 4
  m_Component:
  - 4: {fileID: 417602}
  m_Layer: 0
  m_Name: GenericFemaleHips
  m_TagString: Untagged
  m_Icon: {fileID: 0}
  m_NavMeshLayer: 0
  m_StaticEditorFlags: 0
  m_IsActive: 1
--- !u!1 &165478
GameObject:
  m_ObjectHideFlags: 1
  m_PrefabParentObject: {fileID: 0}
  m_PrefabInternal: {fileID: 100100000}
  serializedVersion: 4
  m_Component:
  - 4: {fileID: 405920}
  m_Layer: 0
  m_Name: GenericFemaleLeftIndex3
  m_TagString: Untagged
  m_Icon: {fileID: 0}
  m_NavMeshLayer: 0
  m_StaticEditorFlags: 0
  m_IsActive: 1
--- !u!1 &167034
GameObject:
  m_ObjectHideFlags: 1
  m_PrefabParentObject: {fileID: 0}
  m_PrefabInternal: {fileID: 100100000}
  serializedVersion: 4
  m_Component:
  - 4: {fileID: 457674}
  m_Layer: 0
  m_Name: GenericFemaleRightPinkie2
  m_TagString: Untagged
  m_Icon: {fileID: 0}
  m_NavMeshLayer: 0
  m_StaticEditorFlags: 0
  m_IsActive: 1
--- !u!1 &167156
GameObject:
  m_ObjectHideFlags: 1
  m_PrefabParentObject: {fileID: 0}
  m_PrefabInternal: {fileID: 100100000}
  serializedVersion: 4
  m_Component:
  - 4: {fileID: 447976}
  m_Layer: 0
  m_Name: GenericFemaleRightUpperLeg
  m_TagString: Untagged
  m_Icon: {fileID: 0}
  m_NavMeshLayer: 0
  m_StaticEditorFlags: 0
  m_IsActive: 1
--- !u!1 &168414
GameObject:
  m_ObjectHideFlags: 1
  m_PrefabParentObject: {fileID: 0}
  m_PrefabInternal: {fileID: 100100000}
  serializedVersion: 4
  m_Component:
  - 4: {fileID: 494288}
  m_Layer: 0
  m_Name: GenericFemaleRightIndex2
  m_TagString: Untagged
  m_Icon: {fileID: 0}
  m_NavMeshLayer: 0
  m_StaticEditorFlags: 0
  m_IsActive: 1
--- !u!1 &169748
GameObject:
  m_ObjectHideFlags: 0
  m_PrefabParentObject: {fileID: 0}
  m_PrefabInternal: {fileID: 100100000}
  serializedVersion: 4
  m_Component:
  - 4: {fileID: 435628}
  - 137: {fileID: 13728972}
  m_Layer: 0
  m_Name: Generic_Female_01_BareLegs
  m_TagString: Untagged
  m_Icon: {fileID: 0}
  m_NavMeshLayer: 0
  m_StaticEditorFlags: 0
  m_IsActive: 1
--- !u!1 &170750
GameObject:
  m_ObjectHideFlags: 1
  m_PrefabParentObject: {fileID: 0}
  m_PrefabInternal: {fileID: 100100000}
  serializedVersion: 4
  m_Component:
  - 4: {fileID: 432278}
  m_Layer: 0
  m_Name: GenericFemaleChest
  m_TagString: Untagged
  m_Icon: {fileID: 0}
  m_NavMeshLayer: 0
  m_StaticEditorFlags: 0
  m_IsActive: 1
--- !u!1 &170842
GameObject:
  m_ObjectHideFlags: 1
  m_PrefabParentObject: {fileID: 0}
  m_PrefabInternal: {fileID: 100100000}
  serializedVersion: 4
  m_Component:
  - 4: {fileID: 490468}
  m_Layer: 0
  m_Name: GenericFemaleLeftPinkie2
  m_TagString: Untagged
  m_Icon: {fileID: 0}
  m_NavMeshLayer: 0
  m_StaticEditorFlags: 0
  m_IsActive: 1
--- !u!1 &172740
GameObject:
  m_ObjectHideFlags: 1
  m_PrefabParentObject: {fileID: 0}
  m_PrefabInternal: {fileID: 100100000}
  serializedVersion: 4
  m_Component:
  - 4: {fileID: 404112}
  m_Layer: 0
  m_Name: GenericFemaleRightIndex1
  m_TagString: Untagged
  m_Icon: {fileID: 0}
  m_NavMeshLayer: 0
  m_StaticEditorFlags: 0
  m_IsActive: 1
--- !u!1 &176442
GameObject:
  m_ObjectHideFlags: 0
  m_PrefabParentObject: {fileID: 0}
  m_PrefabInternal: {fileID: 100100000}
  serializedVersion: 4
  m_Component:
  - 4: {fileID: 458758}
  - 137: {fileID: 13795884}
  m_Layer: 0
  m_Name: Generic_Female_01_Head
  m_TagString: Untagged
  m_Icon: {fileID: 0}
  m_NavMeshLayer: 0
  m_StaticEditorFlags: 0
  m_IsActive: 1
--- !u!1 &178920
GameObject:
  m_ObjectHideFlags: 1
  m_PrefabParentObject: {fileID: 0}
  m_PrefabInternal: {fileID: 100100000}
  serializedVersion: 4
  m_Component:
  - 4: {fileID: 493110}
  m_Layer: 0
  m_Name: GenericFemaleLeftPinkie3
  m_TagString: Untagged
  m_Icon: {fileID: 0}
  m_NavMeshLayer: 0
  m_StaticEditorFlags: 0
  m_IsActive: 1
--- !u!1 &179206
GameObject:
  m_ObjectHideFlags: 1
  m_PrefabParentObject: {fileID: 0}
  m_PrefabInternal: {fileID: 100100000}
  serializedVersion: 4
  m_Component:
  - 4: {fileID: 494290}
  m_Layer: 0
  m_Name: GenericFemaleRightLowerArm
  m_TagString: Untagged
  m_Icon: {fileID: 0}
  m_NavMeshLayer: 0
  m_StaticEditorFlags: 0
  m_IsActive: 1
--- !u!1 &180834
GameObject:
  m_ObjectHideFlags: 1
  m_PrefabParentObject: {fileID: 0}
  m_PrefabInternal: {fileID: 100100000}
  serializedVersion: 4
  m_Component:
  - 4: {fileID: 434678}
  m_Layer: 0
  m_Name: GenericFemaleRightIndex3
  m_TagString: Untagged
  m_Icon: {fileID: 0}
  m_NavMeshLayer: 0
  m_StaticEditorFlags: 0
  m_IsActive: 1
--- !u!1 &180998
GameObject:
  m_ObjectHideFlags: 1
  m_PrefabParentObject: {fileID: 0}
  m_PrefabInternal: {fileID: 100100000}
  serializedVersion: 4
  m_Component:
  - 4: {fileID: 493512}
  m_Layer: 0
  m_Name: GenericFemaleRightPinkie3
  m_TagString: Untagged
  m_Icon: {fileID: 0}
  m_NavMeshLayer: 0
  m_StaticEditorFlags: 0
  m_IsActive: 1
--- !u!1 &183642
GameObject:
  m_ObjectHideFlags: 1
  m_PrefabParentObject: {fileID: 0}
  m_PrefabInternal: {fileID: 100100000}
  serializedVersion: 4
  m_Component:
  - 4: {fileID: 461066}
  m_Layer: 0
  m_Name: GenericFemaleRightRing1
  m_TagString: Untagged
  m_Icon: {fileID: 0}
  m_NavMeshLayer: 0
  m_StaticEditorFlags: 0
  m_IsActive: 1
--- !u!1 &184780
GameObject:
  m_ObjectHideFlags: 1
  m_PrefabParentObject: {fileID: 0}
  m_PrefabInternal: {fileID: 100100000}
  serializedVersion: 4
  m_Component:
  - 4: {fileID: 429224}
  m_Layer: 0
  m_Name: GenericFemaleLeftShoulder
  m_TagString: Untagged
  m_Icon: {fileID: 0}
  m_NavMeshLayer: 0
  m_StaticEditorFlags: 0
  m_IsActive: 1
--- !u!1 &188790
GameObject:
  m_ObjectHideFlags: 1
  m_PrefabParentObject: {fileID: 0}
  m_PrefabInternal: {fileID: 100100000}
  serializedVersion: 4
  m_Component:
  - 4: {fileID: 435116}
  m_Layer: 0
  m_Name: GenericFemaleHead
  m_TagString: Untagged
  m_Icon: {fileID: 0}
  m_NavMeshLayer: 0
  m_StaticEditorFlags: 0
  m_IsActive: 1
--- !u!1 &194908
GameObject:
  m_ObjectHideFlags: 1
  m_PrefabParentObject: {fileID: 0}
  m_PrefabInternal: {fileID: 100100000}
  serializedVersion: 4
  m_Component:
  - 4: {fileID: 435304}
  m_Layer: 0
  m_Name: GenericFemaleLeftThumb3
  m_TagString: Untagged
  m_Icon: {fileID: 0}
  m_NavMeshLayer: 0
  m_StaticEditorFlags: 0
  m_IsActive: 1
--- !u!1 &196604
GameObject:
  m_ObjectHideFlags: 1
  m_PrefabParentObject: {fileID: 0}
  m_PrefabInternal: {fileID: 100100000}
  serializedVersion: 4
  m_Component:
  - 4: {fileID: 433556}
  m_Layer: 0
  m_Name: GenericFemaleRightThumb2
  m_TagString: Untagged
  m_Icon: {fileID: 0}
  m_NavMeshLayer: 0
  m_StaticEditorFlags: 0
  m_IsActive: 1
--- !u!1 &196780
GameObject:
  m_ObjectHideFlags: 1
  m_PrefabParentObject: {fileID: 0}
  m_PrefabInternal: {fileID: 100100000}
  serializedVersion: 4
  m_Component:
  - 4: {fileID: 467646}
  m_Layer: 0
  m_Name: GenericFemaleRightMiddle1
  m_TagString: Untagged
  m_Icon: {fileID: 0}
  m_NavMeshLayer: 0
  m_StaticEditorFlags: 0
  m_IsActive: 1
--- !u!1 &197624
GameObject:
  m_ObjectHideFlags: 1
  m_PrefabParentObject: {fileID: 0}
  m_PrefabInternal: {fileID: 100100000}
  serializedVersion: 4
  m_Component:
  - 4: {fileID: 424402}
  m_Layer: 0
  m_Name: GenericFemaleLeftThumb1
  m_TagString: Untagged
  m_Icon: {fileID: 0}
  m_NavMeshLayer: 0
  m_StaticEditorFlags: 0
  m_IsActive: 1
--- !u!1 &199114
GameObject:
  m_ObjectHideFlags: 1
  m_PrefabParentObject: {fileID: 0}
  m_PrefabInternal: {fileID: 100100000}
  serializedVersion: 4
  m_Component:
  - 4: {fileID: 426972}
  m_Layer: 0
  m_Name: GenericFemaleLeftUpperLeg
  m_TagString: Untagged
  m_Icon: {fileID: 0}
  m_NavMeshLayer: 0
  m_StaticEditorFlags: 0
  m_IsActive: 1
--- !u!4 &404112
Transform:
  m_ObjectHideFlags: 1
  m_PrefabParentObject: {fileID: 0}
  m_PrefabInternal: {fileID: 100100000}
  m_GameObject: {fileID: 172740}
  m_LocalRotation: {x: -.0541362464, y: -.0728740394, z: .185700133, w: .978403866}
  m_LocalPosition: {x: -.0779346824, y: -.00129640102, z: -.0239855349}
  m_LocalScale: {x: .99999851, y: 1.00000143, z: .999999881}
  m_Children:
  - {fileID: 494288}
  m_Father: {fileID: 488460}
  m_RootOrder: 0
--- !u!4 &404588
Transform:
  m_ObjectHideFlags: 1
  m_PrefabParentObject: {fileID: 0}
  m_PrefabInternal: {fileID: 100100000}
  m_GameObject: {fileID: 136142}
  m_LocalRotation: {x: -.000104553859, y: .00132556749, z: .179827154, w: .983697355}
  m_LocalPosition: {x: -.0344794393, y: 1.49011612e-07, z: 1.04308128e-07}
  m_LocalScale: {x: .999996126, y: 1.00000381, z: .999999642}
  m_Children:
  - {fileID: 475270}
  m_Father: {fileID: 461066}
  m_RootOrder: 0
--- !u!4 &405920
Transform:
  m_ObjectHideFlags: 1
  m_PrefabParentObject: {fileID: 0}
  m_PrefabInternal: {fileID: 100100000}
  m_GameObject: {fileID: 165478}
  m_LocalRotation: {x: 1.16096271e-05, y: .000154746609, z: .173005983, w: .9849208}
  m_LocalPosition: {x: -.0217473507, y: 0, z: 0}
  m_LocalScale: {x: 1.00000179, y: .999998212, z: .999999821}
  m_Children: []
  m_Father: {fileID: 435402}
  m_RootOrder: 0
--- !u!4 &411986
Transform:
  m_ObjectHideFlags: 1
  m_PrefabParentObject: {fileID: 0}
  m_PrefabInternal: {fileID: 100100000}
  m_GameObject: {fileID: 141388}
  m_LocalRotation: {x: .00433861464, y: -.000135376817, z: .0233848058, w: .999717116}
  m_LocalPosition: {x: -.416579425, y: -8.44150782e-06, z: 7.24941492e-06}
  m_LocalScale: {x: 1.00000012, y: 1.00000072, z: 1.00000012}
  m_Children:
  - {fileID: 437828}
  m_Father: {fileID: 426972}
  m_RootOrder: 0
--- !u!4 &417602
Transform:
  m_ObjectHideFlags: 1
  m_PrefabParentObject: {fileID: 0}
  m_PrefabInternal: {fileID: 100100000}
  m_GameObject: {fileID: 163006}
  m_LocalRotation: {x: .499126971, y: -.50087148, z: -.499127001, w: .500871539}
  m_LocalPosition: {x: 4.5866603e-08, y: .900150776, z: -.0013526706}
  m_LocalScale: {x: 1, y: 1, z: 1}
  m_Children:
  - {fileID: 426972}
  - {fileID: 447976}
  - {fileID: 479314}
  m_Father: {fileID: 453904}
  m_RootOrder: 7
--- !u!4 &419888
Transform:
  m_ObjectHideFlags: 1
  m_PrefabParentObject: {fileID: 0}
  m_PrefabInternal: {fileID: 100100000}
  m_GameObject: {fileID: 149714}
  m_LocalRotation: {x: -.00433706027, y: -.000308458868, z: .0185870696, w: .999817789}
  m_LocalPosition: {x: -.416596949, y: -8.45268369e-06, z: -7.2196126e-06}
  m_LocalScale: {x: .999999881, y: 1, z: 1.00000024}
  m_Children:
  - {fileID: 420910}
  m_Father: {fileID: 447976}
  m_RootOrder: 0
--- !u!4 &420910
Transform:
  m_ObjectHideFlags: 1
  m_PrefabParentObject: {fileID: 0}
  m_PrefabInternal: {fileID: 100100000}
  m_GameObject: {fileID: 143004}
  m_LocalRotation: {x: -.00288180518, y: .0069948514, z: -.356841356, w: .934134364}
  m_LocalPosition: {x: -.440202951, y: 2.79396772e-09, z: 3.7252903e-09}
  m_LocalScale: {x: 1.00000024, y: 1.00000012, z: 1.00000012}
  m_Children:
  - {fileID: 492624}
  m_Father: {fileID: 419888}
  m_RootOrder: 0
--- !u!4 &421560
Transform:
  m_ObjectHideFlags: 1
  m_PrefabParentObject: {fileID: 0}
  m_PrefabInternal: {fileID: 100100000}
  m_GameObject: {fileID: 114338}
  m_LocalRotation: {x: .103915855, y: .135134116, z: .18940036, w: .96698904}
  m_LocalPosition: {x: -.0682004094, y: -.00097900629, z: .0255516097}
  m_LocalScale: {x: .999999106, y: 1.00000083, z: .999999762}
  m_Children:
  - {fileID: 457674}
  m_Father: {fileID: 488460}
  m_RootOrder: 2
--- !u!4 &423920
Transform:
  m_ObjectHideFlags: 1
  m_PrefabParentObject: {fileID: 0}
  m_PrefabInternal: {fileID: 100100000}
  m_GameObject: {fileID: 116914}
  m_LocalRotation: {x: .000103103179, y: -.00132053276, z: .179831356, w: .98369658}
  m_LocalPosition: {x: -.0344795585, y: -1.49011612e-07, z: 1.11758709e-07}
  m_LocalScale: {x: 1.00000358, y: .999995887, z: 1}
  m_Children:
  - {fileID: 431958}
  m_Father: {fileID: 492288}
  m_RootOrder: 0
--- !u!4 &424402
Transform:
  m_ObjectHideFlags: 1
  m_PrefabParentObject: {fileID: 0}
  m_PrefabInternal: {fileID: 100100000}
  m_GameObject: {fileID: 197624}
  m_LocalRotation: {x: -.172563851, y: .225998268, z: .333077252, w: .89900279}
  m_LocalPosition: {x: -.0239825249, y: -.00570863485, z: .0185412392}
  m_LocalScale: {x: 1.00000215, y: .999998093, z: .999999344}
  m_Children:
  - {fileID: 485196}
  m_Father: {fileID: 468616}
  m_RootOrder: 4
--- !u!4 &426754
Transform:
  m_ObjectHideFlags: 1
  m_PrefabParentObject: {fileID: 0}
  m_PrefabInternal: {fileID: 100100000}
  m_GameObject: {fileID: 154904}
  m_LocalRotation: {x: -.00551144639, y: -.0006311959, z: .14736791, w: .989066184}
  m_LocalPosition: {x: -.0364595056, y: -5.96046448e-08, z: -4.47034836e-08}
  m_LocalScale: {x: .999999642, y: 1.00000048, z: .999999702}
  m_Children:
  - {fileID: 490608}
  m_Father: {fileID: 467646}
  m_RootOrder: 0
--- !u!4 &426972
Transform:
  m_ObjectHideFlags: 1
  m_PrefabParentObject: {fileID: 0}
  m_PrefabInternal: {fileID: 100100000}
  m_GameObject: {fileID: 199114}
  m_LocalRotation: {x: .00668169837, y: .999845862, z: .00827351958, w: -.0139728505}
  m_LocalPosition: {x: -.0173482895, y: .0436373614, z: .074960202}
  m_LocalScale: {x: 1, y: 1, z: 1}
  m_Children:
  - {fileID: 411986}
  m_Father: {fileID: 417602}
  m_RootOrder: 0
--- !u!4 &429224
Transform:
  m_ObjectHideFlags: 1
  m_PrefabParentObject: {fileID: 0}
  m_PrefabInternal: {fileID: 100100000}
  m_GameObject: {fileID: 184780}
  m_LocalRotation: {x: .0376602709, y: .864875793, z: .0526248291, w: .49779734}
  m_LocalPosition: {x: -.202962041, y: .0314633399, z: .0292360634}
  m_LocalScale: {x: 1, y: 1, z: 1.00000012}
  m_Children:
  - {fileID: 470514}
  m_Father: {fileID: 432278}
  m_RootOrder: 0
--- !u!4 &430372
Transform:
  m_ObjectHideFlags: 1
  m_PrefabParentObject: {fileID: 0}
  m_PrefabInternal: {fileID: 100100000}
  m_GameObject: {fileID: 125370}
  m_LocalRotation: {x: .017029712, y: -.3395347, z: .0749021024, w: .937451839}
  m_LocalPosition: {x: -.0912550092, y: 4.47034836e-08, z: 4.76837158e-07}
  m_LocalScale: {x: .999997139, y: 1.00000024, z: 1.00000274}
  m_Children:
  - {fileID: 494290}
  m_Father: {fileID: 449926}
  m_RootOrder: 0
--- !u!4 &431958
Transform:
  m_ObjectHideFlags: 1
  m_PrefabParentObject: {fileID: 0}
  m_PrefabInternal: {fileID: 100100000}
  m_GameObject: {fileID: 151466}
  m_LocalRotation: {x: .000125458668, y: .00071398064, z: .172996983, w: .984922111}
  m_LocalPosition: {x: -.02253896, y: -1.34110451e-07, z: 1.49011612e-07}
  m_LocalScale: {x: 1.00000656, y: .999992847, z: .99999994}
  m_Children: []
  m_Father: {fileID: 423920}
  m_RootOrder: 0
--- !u!4 &432278
Transform:
  m_ObjectHideFlags: 1
  m_PrefabParentObject: {fileID: 0}
  m_PrefabInternal: {fileID: 100100000}
  m_GameObject: {fileID: 170750}
  m_LocalRotation: {x: 1.42682291e-06, y: 5.17839908e-05, z: .0932266712, w: .995644927}
  m_LocalPosition: {x: -.253014326, y: 1.49011612e-08, z: -7.27595761e-12}
  m_LocalScale: {x: 1.00000012, y: 1.00000024, z: 1.00000012}
  m_Children:
  - {fileID: 429224}
  - {fileID: 468422}
  - {fileID: 449926}
  m_Father: {fileID: 479314}
  m_RootOrder: 0
--- !u!4 &433556
Transform:
  m_ObjectHideFlags: 1
  m_PrefabParentObject: {fileID: 0}
  m_PrefabInternal: {fileID: 100100000}
  m_GameObject: {fileID: 196604}
  m_LocalRotation: {x: -.00262241811, y: .136852175, z: -.0147378081, w: .990478396}
  m_LocalPosition: {x: -.029637754, y: 0, z: 5.96046448e-08}
  m_LocalScale: {x: .999997973, y: 1.00000179, z: .99999994}
  m_Children:
  - {fileID: 448070}
  m_Father: {fileID: 450726}
  m_RootOrder: 0
--- !u!4 &434678
Transform:
  m_ObjectHideFlags: 1
  m_PrefabParentObject: {fileID: 0}
  m_PrefabInternal: {fileID: 100100000}
  m_GameObject: {fileID: 180834}
  m_LocalRotation: {x: -1.16064684e-05, y: -.000155752787, z: .173007682, w: .984920502}
  m_LocalPosition: {x: -.0217473507, y: 1.49011612e-08, z: 2.98023224e-08}
  m_LocalScale: {x: .999998152, y: 1.00000179, z: 1}
  m_Children: []
  m_Father: {fileID: 494288}
  m_RootOrder: 0
--- !u!4 &434710
Transform:
  m_ObjectHideFlags: 1
  m_PrefabParentObject: {fileID: 0}
  m_PrefabInternal: {fileID: 100100000}
  m_GameObject: {fileID: 162978}
  m_LocalRotation: {x: -3.09086232e-08, y: .707106709, z: .707106829, w: 3.09086161e-08}
  m_LocalPosition: {x: 0, y: 0, z: 0}
  m_LocalScale: {x: 1, y: 1, z: 1}
  m_Children: []
  m_Father: {fileID: 453904}
  m_RootOrder: 4
--- !u!4 &435116
Transform:
  m_ObjectHideFlags: 1
  m_PrefabParentObject: {fileID: 0}
  m_PrefabInternal: {fileID: 100100000}
  m_GameObject: {fileID: 188790}
  m_LocalRotation: {x: -1.28451702e-05, y: -.000153884233, z: .0116596026, w: .999932051}
  m_LocalPosition: {x: -.105342507, y: 1.86264515e-09, z: 0}
  m_LocalScale: {x: 1.00000024, y: .99999994, z: .99999994}
  m_Children: []
  m_Father: {fileID: 468422}
  m_RootOrder: 0
--- !u!4 &435304
Transform:
  m_ObjectHideFlags: 1
  m_PrefabParentObject: {fileID: 0}
  m_PrefabInternal: {fileID: 100100000}
  m_GameObject: {fileID: 194908}
  m_LocalRotation: {x: -7.13586087e-06, y: -.118628256, z: -.000109031287, w: .992938757}
  m_LocalPosition: {x: -.0221527815, y: 0, z: 0}
  m_LocalScale: {x: 1.00000143, y: .999998093, z: 1.00000024}
  m_Children: []
  m_Father: {fileID: 485196}
  m_RootOrder: 0
--- !u!4 &435402
Transform:
  m_ObjectHideFlags: 1
  m_PrefabParentObject: {fileID: 0}
  m_PrefabInternal: {fileID: 100100000}
  m_GameObject: {fileID: 110984}
  m_LocalRotation: {x: 5.21617658e-05, y: .000109421162, z: .180023223, w: .983662367}
  m_LocalPosition: {x: -.0303406119, y: -2.98023224e-08, z: 2.98023224e-08}
  m_LocalScale: {x: 1.00000215, y: .999997795, z: .999999642}
  m_Children:
  - {fileID: 405920}
  m_Father: {fileID: 499162}
  m_RootOrder: 0
--- !u!4 &435628
Transform:
  m_ObjectHideFlags: 1
  m_PrefabParentObject: {fileID: 0}
  m_PrefabInternal: {fileID: 100100000}
  m_GameObject: {fileID: 169748}
  m_LocalRotation: {x: -3.09086232e-08, y: .707106709, z: .707106829, w: 3.09086161e-08}
  m_LocalPosition: {x: 0, y: 0, z: 0}
  m_LocalScale: {x: 1, y: 1, z: 1}
  m_Children: []
  m_Father: {fileID: 453904}
  m_RootOrder: 0
--- !u!4 &437064
Transform:
  m_ObjectHideFlags: 1
  m_PrefabParentObject: {fileID: 0}
  m_PrefabInternal: {fileID: 100100000}
  m_GameObject: {fileID: 100386}
  m_LocalRotation: {x: .00551167317, y: .00063019339, z: .1473663, w: .989066422}
  m_LocalPosition: {x: -.0364595056, y: 2.98023224e-08, z: -3.7252903e-08}
  m_LocalScale: {x: 1.00000036, y: .999999344, z: .999999881}
  m_Children:
  - {fileID: 471934}
  m_Father: {fileID: 496196}
  m_RootOrder: 0
--- !u!4 &437828
Transform:
  m_ObjectHideFlags: 1
  m_PrefabParentObject: {fileID: 0}
  m_PrefabInternal: {fileID: 100100000}
  m_GameObject: {fileID: 120880}
  m_LocalRotation: {x: .00303499377, y: -.0060198186, z: -.360265732, w: .932825387}
  m_LocalPosition: {x: -.440394282, y: -9.31322575e-10, z: 7.4505806e-09}
  m_LocalScale: {x: .999999702, y: .999999583, z: .999999881}
  m_Children:
  - {fileID: 450422}
  m_Father: {fileID: 411986}
  m_RootOrder: 0
--- !u!4 &447976
Transform:
  m_ObjectHideFlags: 1
  m_PrefabParentObject: {fileID: 0}
  m_PrefabInternal: {fileID: 100100000}
  m_GameObject: {fileID: 167156}
  m_LocalRotation: {x: .00764883636, y: .999840975, z: -.00825455692, w: .0138355242}
  m_LocalPosition: {x: -.0173575878, y: .0409587473, z: -.0749602541}
  m_LocalScale: {x: .99999994, y: .99999994, z: .99999994}
  m_Children:
  - {fileID: 419888}
  m_Father: {fileID: 417602}
  m_RootOrder: 1
--- !u!4 &448070
Transform:
  m_ObjectHideFlags: 1
  m_PrefabParentObject: {fileID: 0}
  m_PrefabInternal: {fileID: 100100000}
  m_GameObject: {fileID: 128580}
  m_LocalRotation: {x: 6.71953649e-06, y: .118628785, z: -.000109094413, w: .992938697}
  m_LocalPosition: {x: -.0221526623, y: -1.49011612e-08, z: 0}
  m_LocalScale: {x: .999998569, y: 1.00000191, z: .999999285}
  m_Children: []
  m_Father: {fileID: 433556}
  m_RootOrder: 0
--- !u!4 &449926
Transform:
  m_ObjectHideFlags: 1
  m_PrefabParentObject: {fileID: 0}
  m_PrefabInternal: {fileID: 100100000}
  m_GameObject: {fileID: 141772}
  m_LocalRotation: {x: .037661273, y: .864874601, z: -.0526226535, w: -.497799546}
  m_LocalPosition: {x: -.202962041, y: .031463325, z: -.0292360634}
  m_LocalScale: {x: 1.00000012, y: 1.00000012, z: 1}
  m_Children:
  - {fileID: 430372}
  m_Father: {fileID: 432278}
  m_RootOrder: 2
--- !u!4 &450422
Transform:
  m_ObjectHideFlags: 1
  m_PrefabParentObject: {fileID: 0}
  m_PrefabInternal: {fileID: 100100000}
  m_GameObject: {fileID: 131528}
  m_LocalRotation: {x: .00784859899, y: -.000490306236, z: -.430547029, w: .902533889}
  m_LocalPosition: {x: -.085788168, y: .01874917, z: .00269806013}
  m_LocalScale: {x: 1.00000083, y: .999999225, z: 1}
  m_Children: []
  m_Father: {fileID: 437828}
  m_RootOrder: 0
--- !u!4 &450726
Transform:
  m_ObjectHideFlags: 1
  m_PrefabParentObject: {fileID: 0}
  m_PrefabInternal: {fileID: 100100000}
  m_GameObject: {fileID: 107602}
  m_LocalRotation: {x: .172564253, y: -.225998163, z: .333077639, w: .899002612}
  m_LocalPosition: {x: -.0239824057, y: -.00570845604, z: -.018541187}
  m_LocalScale: {x: .999997616, y: 1.00000179, z: 1.00000036}
  m_Children:
  - {fileID: 433556}
  m_Father: {fileID: 488460}
  m_RootOrder: 4
--- !u!4 &452380
Transform:
  m_ObjectHideFlags: 1
  m_PrefabParentObject: {fileID: 0}
  m_PrefabInternal: {fileID: 100100000}
  m_GameObject: {fileID: 162842}
  m_LocalRotation: {x: -.1039159, y: -.135134071, z: .18940036, w: .96698904}
  m_LocalPosition: {x: -.0682003498, y: -.000979244709, z: -.0255515203}
  m_LocalScale: {x: 1.0000006, y: .999998987, z: .999999821}
  m_Children:
  - {fileID: 490468}
  m_Father: {fileID: 468616}
  m_RootOrder: 2
--- !u!4 &453904
Transform:
  m_ObjectHideFlags: 1
  m_PrefabParentObject: {fileID: 0}
  m_PrefabInternal: {fileID: 100100000}
  m_GameObject: {fileID: 127604}
  m_LocalRotation: {x: 0, y: -.707106352, z: 0, w: .707107186}
  m_LocalPosition: {x: 11.5900002, y: 0, z: -4.38000011}
  m_LocalScale: {x: 1, y: 1, z: 1}
  m_Children:
  - {fileID: 435628}
  - {fileID: 482598}
  - {fileID: 479306}
  - {fileID: 458758}
  - {fileID: 434710}
  - {fileID: 482884}
  - {fileID: 495880}
  - {fileID: 417602}
  m_Father: {fileID: 0}
  m_RootOrder: 0
--- !u!4 &457674
Transform:
  m_ObjectHideFlags: 1
  m_PrefabParentObject: {fileID: 0}
  m_PrefabInternal: {fileID: 100100000}
  m_GameObject: {fileID: 167034}
  m_LocalRotation: {x: .000879020896, y: .0195679441, z: .148808092, w: .988672078}
  m_LocalPosition: {x: -.0257228613, y: -2.98023224e-08, z: -2.23517418e-08}
  m_LocalScale: {x: .999999821, y: .999999881, z: .999999881}
  m_Children:
  - {fileID: 493512}
  m_Father: {fileID: 421560}
  m_RootOrder: 0
--- !u!4 &458758
Transform:
  m_ObjectHideFlags: 1
  m_PrefabParentObject: {fileID: 0}
  m_PrefabInternal: {fileID: 100100000}
  m_GameObject: {fileID: 176442}
  m_LocalRotation: {x: -3.09086232e-08, y: .707106709, z: .707106829, w: 3.09086161e-08}
  m_LocalPosition: {x: 0, y: 0, z: 0}
  m_LocalScale: {x: 1, y: 1, z: 1}
  m_Children: []
  m_Father: {fileID: 453904}
  m_RootOrder: 3
--- !u!4 &461066
Transform:
  m_ObjectHideFlags: 1
  m_PrefabParentObject: {fileID: 0}
  m_PrefabInternal: {fileID: 100100000}
  m_GameObject: {fileID: 183642}
  m_LocalRotation: {x: .0589439273, y: .101837158, z: .202666074, w: .972152948}
  m_LocalPosition: {x: -.078137517, y: .0033134222, z: .00967837125}
  m_LocalScale: {x: .999998868, y: 1.00000119, z: .999999642}
  m_Children:
  - {fileID: 404588}
  m_Father: {fileID: 488460}
  m_RootOrder: 3
--- !u!4 &467646
Transform:
  m_ObjectHideFlags: 1
  m_PrefabParentObject: {fileID: 0}
  m_PrefabInternal: {fileID: 100100000}
  m_GameObject: {fileID: 196780}
  m_LocalRotation: {x: .00538330339, y: .0260877889, z: .224388018, w: .974135756}
  m_LocalPosition: {x: -.0798965096, y: .00378704071, z: -.00829935074}
  m_LocalScale: {x: .999998689, y: 1.00000143, z: .999999702}
  m_Children:
  - {fileID: 426754}
  m_Father: {fileID: 488460}
  m_RootOrder: 1
--- !u!4 &468422
Transform:
  m_ObjectHideFlags: 1
  m_PrefabParentObject: {fileID: 0}
  m_PrefabInternal: {fileID: 100100000}
  m_GameObject: {fileID: 149134}
  m_LocalRotation: {x: 1.45671283e-05, y: .000154757843, z: -.0552649163, w: .998471737}
  m_LocalPosition: {x: -.219947219, y: .0202088952, z: -1.97829286e-05}
  m_LocalScale: {x: .999999821, y: 1, z: 1}
  m_Children:
  - {fileID: 435116}
  m_Father: {fileID: 432278}
  m_RootOrder: 1
--- !u!4 &468616
Transform:
  m_ObjectHideFlags: 1
  m_PrefabParentObject: {fileID: 0}
  m_PrefabInternal: {fileID: 100100000}
  m_GameObject: {fileID: 100442}
  m_LocalRotation: {x: -.642664492, y: -.0658074021, z: .0229164995, w: .762972176}
  m_LocalPosition: {x: -.240098953, y: 8.94069672e-08, z: 4.76837158e-07}
  m_LocalScale: {x: .999999821, y: .999999821, z: 1}
  m_Children:
  - {fileID: 499162}
  - {fileID: 496196}
  - {fileID: 452380}
  - {fileID: 492288}
  - {fileID: 424402}
  m_Father: {fileID: 477248}
  m_RootOrder: 0
--- !u!4 &470514
Transform:
  m_ObjectHideFlags: 1
  m_PrefabParentObject: {fileID: 0}
  m_PrefabInternal: {fileID: 100100000}
  m_GameObject: {fileID: 131442}
  m_LocalRotation: {x: -.0170307253, y: .339535087, z: .074902676, w: .937451601}
  m_LocalPosition: {x: -.0912549496, y: -4.47034836e-08, z: 4.76837158e-07}
  m_LocalScale: {x: 1.00000286, y: .999999881, z: .999997318}
  m_Children:
  - {fileID: 477248}
  m_Father: {fileID: 429224}
  m_RootOrder: 0
--- !u!4 &471934
Transform:
  m_ObjectHideFlags: 1
  m_PrefabParentObject: {fileID: 0}
  m_PrefabInternal: {fileID: 100100000}
  m_GameObject: {fileID: 128634}
  m_LocalRotation: {x: .00718949316, y: -.0104878983, z: .210320085, w: .977549911}
  m_LocalPosition: {x: -.0232396126, y: 7.4505806e-08, z: -1.49011612e-08}
  m_LocalScale: {x: .999999046, y: 1.00000072, z: .999999821}
  m_Children: []
  m_Father: {fileID: 437064}
  m_RootOrder: 0
--- !u!4 &475270
Transform:
  m_ObjectHideFlags: 1
  m_PrefabParentObject: {fileID: 0}
  m_PrefabInternal: {fileID: 100100000}
  m_GameObject: {fileID: 134420}
  m_LocalRotation: {x: -.000124576225, y: -.000707396772, z: .172995001, w: .984922469}
  m_LocalPosition: {x: -.0225389004, y: 1.1920929e-07, z: 1.49011612e-07}
  m_LocalScale: {x: .999993265, y: 1.00000679, z: .999999702}
  m_Children: []
  m_Father: {fileID: 404588}
  m_RootOrder: 0
--- !u!4 &477248
Transform:
  m_ObjectHideFlags: 1
  m_PrefabParentObject: {fileID: 0}
  m_PrefabInternal: {fileID: 100100000}
  m_GameObject: {fileID: 120132}
  m_LocalRotation: {x: -.0153175155, y: -.024159411, z: -.142909721, w: .989322245}
  m_LocalPosition: {x: -.275871277, y: 1.80676579e-07, z: 5.96046448e-08}
  m_LocalScale: {x: 1.00000036, y: .999999583, z: .999999881}
  m_Children:
  - {fileID: 468616}
  m_Father: {fileID: 470514}
  m_RootOrder: 0
--- !u!4 &479306
Transform:
  m_ObjectHideFlags: 1
  m_PrefabParentObject: {fileID: 0}
  m_PrefabInternal: {fileID: 100100000}
  m_GameObject: {fileID: 110826}
  m_LocalRotation: {x: -3.09086232e-08, y: .707106709, z: .707106829, w: 3.09086161e-08}
  m_LocalPosition: {x: 0, y: 0, z: 0}
  m_LocalScale: {x: 1, y: 1, z: 1}
  m_Children: []
  m_Father: {fileID: 453904}
  m_RootOrder: 2
--- !u!4 &479314
Transform:
  m_ObjectHideFlags: 1
  m_PrefabParentObject: {fileID: 0}
  m_PrefabInternal: {fileID: 100100000}
  m_GameObject: {fileID: 126358}
  m_LocalRotation: {x: 7.40896041e-07, y: -5.18170636e-05, z: -.0514506958, w: .998675585}
  m_LocalPosition: {x: -.0481672883, y: -.0143839763, z: 6.51318288e-09}
  m_LocalScale: {x: .99999994, y: .999999821, z: .999999881}
  m_Children:
  - {fileID: 432278}
  m_Father: {fileID: 417602}
  m_RootOrder: 2
--- !u!4 &482598
Transform:
  m_ObjectHideFlags: 1
  m_PrefabParentObject: {fileID: 0}
  m_PrefabInternal: {fileID: 100100000}
  m_GameObject: {fileID: 125828}
  m_LocalRotation: {x: -3.09086232e-08, y: .707106709, z: .707106829, w: 3.09086161e-08}
  m_LocalPosition: {x: 0, y: 0, z: 0}
  m_LocalScale: {x: 1, y: 1, z: 1}
  m_Children: []
  m_Father: {fileID: 453904}
  m_RootOrder: 1
--- !u!4 &482884
Transform:
  m_ObjectHideFlags: 1
  m_PrefabParentObject: {fileID: 0}
  m_PrefabInternal: {fileID: 100100000}
  m_GameObject: {fileID: 128540}
  m_LocalRotation: {x: -3.09086232e-08, y: .707106709, z: .707106829, w: 3.09086161e-08}
  m_LocalPosition: {x: 0, y: 0, z: 0}
  m_LocalScale: {x: 1, y: 1, z: 1}
  m_Children: []
  m_Father: {fileID: 453904}
  m_RootOrder: 5
--- !u!4 &485196
Transform:
  m_ObjectHideFlags: 1
  m_PrefabParentObject: {fileID: 0}
  m_PrefabInternal: {fileID: 100100000}
  m_GameObject: {fileID: 145504}
  m_LocalRotation: {x: .00262294849, y: -.136851147, z: -.0147384871, w: .990478516}
  m_LocalPosition: {x: -.0296379924, y: 4.47034836e-08, z: 0}
  m_LocalScale: {x: 1.00000203, y: .999998152, z: .999999762}
  m_Children:
  - {fileID: 435304}
  m_Father: {fileID: 424402}
  m_RootOrder: 0
--- !u!4 &488460
Transform:
  m_ObjectHideFlags: 1
  m_PrefabParentObject: {fileID: 0}
  m_PrefabInternal: {fileID: 100100000}
  m_GameObject: {fileID: 123060}
  m_LocalRotation: {x: .642664909, y: .0658091158, z: .0229155403, w: .762971699}
  m_LocalPosition: {x: -.240098774, y: -8.94069672e-08, z: 4.76837158e-07}
  m_LocalScale: {x: .99999994, y: 1, z: .999999821}
  m_Children:
  - {fileID: 404112}
  - {fileID: 467646}
  - {fileID: 421560}
  - {fileID: 461066}
  - {fileID: 450726}
  m_Father: {fileID: 494290}
  m_RootOrder: 0
--- !u!4 &490468
Transform:
  m_ObjectHideFlags: 1
  m_PrefabParentObject: {fileID: 0}
  m_PrefabInternal: {fileID: 100100000}
  m_GameObject: {fileID: 170842}
  m_LocalRotation: {x: -.000878042716, y: -.0195687953, z: .148806572, w: .988672316}
  m_LocalPosition: {x: -.0257228613, y: 0, z: -2.23517418e-08}
  m_LocalScale: {x: .999999762, y: .999999762, z: .999999762}
  m_Children:
  - {fileID: 493110}
  m_Father: {fileID: 452380}
  m_RootOrder: 0
--- !u!4 &490608
Transform:
  m_ObjectHideFlags: 1
  m_PrefabParentObject: {fileID: 0}
  m_PrefabInternal: {fileID: 100100000}
  m_GameObject: {fileID: 130062}
  m_LocalRotation: {x: -.00718965521, y: .010486831, z: .210321471, w: .977549613}
  m_LocalPosition: {x: -.0232394934, y: -4.47034836e-08, z: -1.49011612e-08}
  m_LocalScale: {x: 1.00000095, y: .999999225, z: .999999762}
  m_Children: []
  m_Father: {fileID: 426754}
  m_RootOrder: 0
--- !u!4 &492288
Transform:
  m_ObjectHideFlags: 1
  m_PrefabParentObject: {fileID: 0}
  m_PrefabInternal: {fileID: 100100000}
  m_GameObject: {fileID: 113404}
  m_LocalRotation: {x: -.0589451864, y: -.101835035, z: .202668697, w: .972152531}
  m_LocalPosition: {x: -.0781374574, y: .00331318378, z: -.00967826694}
  m_LocalScale: {x: 1.00000083, y: .999998689, z: 1}
  m_Children:
  - {fileID: 423920}
  m_Father: {fileID: 468616}
  m_RootOrder: 3
--- !u!4 &492624
Transform:
  m_ObjectHideFlags: 1
  m_PrefabParentObject: {fileID: 0}
  m_PrefabInternal: {fileID: 100100000}
  m_GameObject: {fileID: 119770}
  m_LocalRotation: {x: -.00751769822, y: -.000205211501, z: -.430405557, w: .902604282}
  m_LocalPosition: {x: -.0857881606, y: .0187491812, z: -.00269806013}
  m_LocalScale: {x: 1.00000083, y: .999999166, z: 1.00000012}
  m_Children: []
  m_Father: {fileID: 420910}
  m_RootOrder: 0
--- !u!4 &493110
Transform:
  m_ObjectHideFlags: 1
  m_PrefabParentObject: {fileID: 0}
  m_PrefabInternal: {fileID: 100100000}
  m_GameObject: {fileID: 178920}
  m_LocalRotation: {x: .00477987621, y: .0130116837, z: .155849501, w: .987683535}
  m_LocalPosition: {x: -.0187503695, y: 4.47034836e-08, z: -2.23517418e-08}
  m_LocalScale: {x: .999998868, y: 1.00000072, z: .999999821}
  m_Children: []
  m_Father: {fileID: 490468}
  m_RootOrder: 0
--- !u!4 &493512
Transform:
  m_ObjectHideFlags: 1
  m_PrefabParentObject: {fileID: 0}
  m_PrefabInternal: {fileID: 100100000}
  m_GameObject: {fileID: 180998}
  m_LocalRotation: {x: -.00477910833, y: -.0130127911, z: .155850723, w: .987683356}
  m_LocalPosition: {x: -.0187504292, y: -5.96046448e-08, z: -1.49011612e-08}
  m_LocalScale: {x: 1.00000095, y: .999999046, z: .999999821}
  m_Children: []
  m_Father: {fileID: 457674}
  m_RootOrder: 0
--- !u!4 &494288
Transform:
  m_ObjectHideFlags: 1
  m_PrefabParentObject: {fileID: 0}
  m_PrefabInternal: {fileID: 100100000}
  m_GameObject: {fileID: 168414}
  m_LocalRotation: {x: -5.28749042e-05, y: -.000108461383, z: .180022955, w: .983662426}
  m_LocalPosition: {x: -.0303404331, y: 2.98023224e-08, z: 1.49011612e-08}
  m_LocalScale: {x: .999997795, y: 1.00000215, z: .999999881}
  m_Children:
  - {fileID: 434678}
  m_Father: {fileID: 404112}
  m_RootOrder: 0
--- !u!4 &494290
Transform:
  m_ObjectHideFlags: 1
  m_PrefabParentObject: {fileID: 0}
  m_PrefabInternal: {fileID: 100100000}
  m_GameObject: {fileID: 179206}
  m_LocalRotation: {x: .0153175537, y: .0241604391, z: -.142909229, w: .989322305}
  m_LocalPosition: {x: -.275871277, y: -1.76951289e-07, z: 5.96046448e-08}
  m_LocalScale: {x: .999999642, y: 1.00000036, z: 1}
  m_Children:
  - {fileID: 488460}
  m_Father: {fileID: 430372}
  m_RootOrder: 0
--- !u!4 &495880
Transform:
  m_ObjectHideFlags: 1
  m_PrefabParentObject: {fileID: 0}
  m_PrefabInternal: {fileID: 100100000}
  m_GameObject: {fileID: 106480}
  m_LocalRotation: {x: -.707106829, y: 1.06770145e-07, z: 1.06770166e-07, w: .707106709}
  m_LocalPosition: {x: 0, y: 0, z: .0552062988}
  m_LocalScale: {x: 1, y: 1, z: 1}
  m_Children: []
  m_Father: {fileID: 453904}
  m_RootOrder: 6
--- !u!4 &496196
Transform:
  m_ObjectHideFlags: 1
  m_PrefabParentObject: {fileID: 0}
  m_PrefabInternal: {fileID: 100100000}
  m_GameObject: {fileID: 157876}
  m_LocalRotation: {x: -.00538340071, y: -.0260877665, z: .224388048, w: .974135756}
  m_LocalPosition: {x: -.07989645, y: .00378674269, z: .0082994625}
  m_LocalScale: {x: 1.00000107, y: .99999851, z: .99999994}
  m_Children:
  - {fileID: 437064}
  m_Father: {fileID: 468616}
  m_RootOrder: 1
--- !u!4 &499162
Transform:
  m_ObjectHideFlags: 1
  m_PrefabParentObject: {fileID: 0}
  m_PrefabInternal: {fileID: 100100000}
  m_GameObject: {fileID: 133186}
  m_LocalRotation: {x: .0541353077, y: .0728746802, z: .185701668, w: .978403568}
  m_LocalPosition: {x: -.0779346824, y: -.00129669905, z: .0239856467}
  m_LocalScale: {x: 1.00000131, y: .99999851, z: .999999642}
  m_Children:
  - {fileID: 435402}
  m_Father: {fileID: 468616}
  m_RootOrder: 0
--- !u!95 &9539748
Animator:
  serializedVersion: 3
  m_ObjectHideFlags: 1
  m_PrefabParentObject: {fileID: 0}
  m_PrefabInternal: {fileID: 100100000}
  m_GameObject: {fileID: 127604}
  m_Enabled: 1
  m_Avatar: {fileID: 9000000, guid: 7363373945d85e648bce64918c11c50f, type: 3}
  m_Controller: {fileID: 9100000, guid: 2f81a2a5781f0174ca79c3fda3fc259d, type: 2}
  m_CullingMode: 0
  m_UpdateMode: 1
  m_ApplyRootMotion: 1
  m_LinearVelocityBlending: 0
  m_WarningMessage: 
  m_HasTransformHierarchy: 1
  m_AllowConstantClipSamplingOptimization: 1
--- !u!114 &11475122
MonoBehaviour:
  m_ObjectHideFlags: 1
  m_PrefabParentObject: {fileID: 0}
  m_PrefabInternal: {fileID: 100100000}
  m_GameObject: {fileID: 127604}
  m_Enabled: 1
  m_EditorHideFlags: 0
  m_Script: {fileID: 11500000, guid: ced5a1add6dc4c946bf038ece9500b6d, type: 3}
  m_Name: 
  m_EditorClassIdentifier: 
  targetPosition: {fileID: 0}
  minimumStoppingDistance: .5
--- !u!137 &13700604
SkinnedMeshRenderer:
  m_ObjectHideFlags: 1
  m_PrefabParentObject: {fileID: 0}
  m_PrefabInternal: {fileID: 100100000}
  m_GameObject: {fileID: 125828}
  m_Enabled: 1
  m_CastShadows: 1
  m_ReceiveShadows: 1
  m_Materials:
  - {fileID: 2100000, guid: ec408ba5810192c4fafd051fb5271d23, type: 2}
  - {fileID: 10303, guid: 0000000000000000f000000000000000, type: 0}
  m_SubsetIndices: 
  m_StaticBatchRoot: {fileID: 0}
  m_UseLightProbes: 1
  m_ReflectionProbeUsage: 1
  m_ProbeAnchor: {fileID: 0}
  m_ScaleInLightmap: 1
  m_PreserveUVs: 0
  m_ImportantGI: 0
  m_AutoUVMaxDistance: .5
  m_AutoUVMaxAngle: 89
  m_LightmapParameters: {fileID: 0}
  m_SortingLayerID: 0
  m_SortingOrder: 0
  serializedVersion: 2
  m_Quality: 0
  m_UpdateWhenOffscreen: 0
  m_Mesh: {fileID: 4300000, guid: 7363373945d85e648bce64918c11c50f, type: 3}
  m_Bones:
  - {fileID: 435116}
  m_BlendShapeWeights: []
  m_RootBone: {fileID: 435116}
  m_AABB:
    m_Center: {x: -.0570924208, y: -.0156809613, z: 1.32843852e-05}
    m_Extent: {x: .0764071867, y: .0854989961, z: .0649673715}
  m_DirtyAABB: 0
--- !u!137 &13706028
SkinnedMeshRenderer:
  m_ObjectHideFlags: 1
  m_PrefabParentObject: {fileID: 0}
  m_PrefabInternal: {fileID: 100100000}
  m_GameObject: {fileID: 162978}
  m_Enabled: 1
  m_CastShadows: 1
  m_ReceiveShadows: 1
  m_Materials:
  - {fileID: 2100000, guid: becd2d2e4884db94e89e4e6ba4689cd9, type: 2}
  - {fileID: 2100000, guid: 44c208fcf7848dc4f9fdb60f199a46c9, type: 2}
  m_SubsetIndices: 
  m_StaticBatchRoot: {fileID: 0}
  m_UseLightProbes: 1
  m_ReflectionProbeUsage: 1
  m_ProbeAnchor: {fileID: 0}
  m_ScaleInLightmap: 1
  m_PreserveUVs: 0
  m_ImportantGI: 0
  m_AutoUVMaxDistance: .5
  m_AutoUVMaxAngle: 89
  m_LightmapParameters: {fileID: 0}
  m_SortingLayerID: 0
  m_SortingOrder: 0
  serializedVersion: 2
  m_Quality: 0
  m_UpdateWhenOffscreen: 0
  m_Mesh: {fileID: 4300008, guid: 7363373945d85e648bce64918c11c50f, type: 3}
  m_Bones:
  - {fileID: 432278}
  - {fileID: 429224}
  - {fileID: 468422}
  - {fileID: 449926}
  - {fileID: 470514}
  - {fileID: 479314}
  - {fileID: 477248}
  - {fileID: 468616}
  - {fileID: 417602}
  - {fileID: 426972}
  - {fileID: 430372}
  - {fileID: 494290}
  - {fileID: 488460}
  - {fileID: 447976}
  m_BlendShapeWeights: []
  m_RootBone: {fileID: 417602}
  m_AABB:
    m_Center: {x: -.280413777, y: .0410857908, z: -1.98185444e-06}
    m_Extent: {x: .316408664, y: .11377129, z: .323142886}
  m_DirtyAABB: 0
--- !u!137 &13709922
SkinnedMeshRenderer:
  m_ObjectHideFlags: 1
  m_PrefabParentObject: {fileID: 0}
  m_PrefabInternal: {fileID: 100100000}
  m_GameObject: {fileID: 128540}
  m_Enabled: 1
  m_CastShadows: 1
  m_ReceiveShadows: 1
  m_Materials:
  - {fileID: 2100000, guid: 7181bf3162962df4c82d9dddd027c049, type: 2}
  - {fileID: 2100000, guid: 44c208fcf7848dc4f9fdb60f199a46c9, type: 2}
  m_SubsetIndices: 
  m_StaticBatchRoot: {fileID: 0}
  m_UseLightProbes: 1
  m_ReflectionProbeUsage: 1
  m_ProbeAnchor: {fileID: 0}
  m_ScaleInLightmap: 1
  m_PreserveUVs: 0
  m_ImportantGI: 0
  m_AutoUVMaxDistance: .5
  m_AutoUVMaxAngle: 89
  m_LightmapParameters: {fileID: 0}
  m_SortingLayerID: 0
  m_SortingOrder: 0
  serializedVersion: 2
  m_Quality: 0
  m_UpdateWhenOffscreen: 0
  m_Mesh: {fileID: 4300006, guid: 7363373945d85e648bce64918c11c50f, type: 3}
  m_Bones:
  - {fileID: 437828}
  - {fileID: 411986}
  - {fileID: 450422}
  - {fileID: 420910}
  - {fileID: 419888}
  - {fileID: 492624}
  m_BlendShapeWeights: []
  m_RootBone: {fileID: 419888}
  m_AABB:
    m_Center: {x: -.479779959, y: .0231982879, z: -.0507226512}
    m_Extent: {x: .0784986168, y: .088424474, z: .0817627683}
  m_DirtyAABB: 0
--- !u!137 &13728972
SkinnedMeshRenderer:
  m_ObjectHideFlags: 1
  m_PrefabParentObject: {fileID: 0}
  m_PrefabInternal: {fileID: 100100000}
  m_GameObject: {fileID: 169748}
  m_Enabled: 1
  m_CastShadows: 1
  m_ReceiveShadows: 1
  m_Materials:
  - {fileID: 2100000, guid: 7181bf3162962df4c82d9dddd027c049, type: 2}
  m_SubsetIndices: 
  m_StaticBatchRoot: {fileID: 0}
  m_UseLightProbes: 1
  m_ReflectionProbeUsage: 1
  m_ProbeAnchor: {fileID: 0}
  m_ScaleInLightmap: 1
  m_PreserveUVs: 0
  m_ImportantGI: 0
  m_AutoUVMaxDistance: .5
  m_AutoUVMaxAngle: 89
  m_LightmapParameters: {fileID: 0}
  m_SortingLayerID: 0
  m_SortingOrder: 0
  serializedVersion: 2
  m_Quality: 0
  m_UpdateWhenOffscreen: 0
  m_Mesh: {fileID: 4300004, guid: 7363373945d85e648bce64918c11c50f, type: 3}
  m_Bones:
  - {fileID: 411986}
  - {fileID: 426972}
  - {fileID: 447976}
  - {fileID: 437828}
  - {fileID: 419888}
  - {fileID: 420910}
  m_BlendShapeWeights: []
  m_RootBone: {fileID: 447976}
  m_AABB:
    m_Center: {x: -.560977936, y: -.016983455, z: -.0685047209}
    m_Extent: {x: .305343598, y: .0660165921, z: .111793071}
  m_DirtyAABB: 0
--- !u!137 &13747514
SkinnedMeshRenderer:
  m_ObjectHideFlags: 1
  m_PrefabParentObject: {fileID: 0}
  m_PrefabInternal: {fileID: 100100000}
  m_GameObject: {fileID: 110826}
  m_Enabled: 1
  m_CastShadows: 1
  m_ReceiveShadows: 1
  m_Materials:
  - {fileID: 2100000, guid: 7181bf3162962df4c82d9dddd027c049, type: 2}
  m_SubsetIndices: 
  m_StaticBatchRoot: {fileID: 0}
  m_UseLightProbes: 1
  m_ReflectionProbeUsage: 1
  m_ProbeAnchor: {fileID: 0}
  m_ScaleInLightmap: 1
  m_PreserveUVs: 0
  m_ImportantGI: 0
  m_AutoUVMaxDistance: .5
  m_AutoUVMaxAngle: 89
  m_LightmapParameters: {fileID: 0}
  m_SortingLayerID: 0
  m_SortingOrder: 0
  serializedVersion: 2
  m_Quality: 0
  m_UpdateWhenOffscreen: 0
  m_Mesh: {fileID: 4300010, guid: 7363373945d85e648bce64918c11c50f, type: 3}
  m_Bones:
  - {fileID: 468616}
  - {fileID: 477248}
  - {fileID: 424402}
  - {fileID: 499162}
  - {fileID: 452380}
  - {fileID: 485196}
  - {fileID: 435304}
  - {fileID: 405920}
  - {fileID: 431958}
  - {fileID: 471934}
  - {fileID: 493110}
  - {fileID: 496196}
  - {fileID: 492288}
  - {fileID: 435402}
  - {fileID: 423920}
  - {fileID: 437064}
  - {fileID: 490468}
  - {fileID: 488460}
  - {fileID: 494290}
  - {fileID: 450726}
  - {fileID: 404112}
  - {fileID: 421560}
  - {fileID: 433556}
  - {fileID: 448070}
  - {fileID: 434678}
  - {fileID: 475270}
  - {fileID: 490608}
  - {fileID: 493512}
  - {fileID: 467646}
  - {fileID: 461066}
  - {fileID: 494288}
  - {fileID: 404588}
  - {fileID: 426754}
  - {fileID: 457674}
  m_BlendShapeWeights: []
  m_RootBone: {fileID: 494290}
  m_AABB:
    m_Center: {x: -.172861412, y: -.0610030517, z: -.296471208}
    m_Extent: {x: .214756981, y: .104849242, z: .323917836}
  m_DirtyAABB: 0
--- !u!137 &13771146
SkinnedMeshRenderer:
  m_ObjectHideFlags: 1
  m_PrefabParentObject: {fileID: 0}
  m_PrefabInternal: {fileID: 100100000}
  m_GameObject: {fileID: 106480}
  m_Enabled: 1
  m_CastShadows: 1
  m_ReceiveShadows: 1
  m_Materials:
  - {fileID: 2100000, guid: 44c208fcf7848dc4f9fdb60f199a46c9, type: 2}
  m_SubsetIndices: 
  m_StaticBatchRoot: {fileID: 0}
  m_UseLightProbes: 1
  m_ReflectionProbeUsage: 1
  m_ProbeAnchor: {fileID: 0}
  m_ScaleInLightmap: 1
  m_PreserveUVs: 0
  m_ImportantGI: 0
  m_AutoUVMaxDistance: .5
  m_AutoUVMaxAngle: 89
  m_LightmapParameters: {fileID: 0}
  m_SortingLayerID: 0
  m_SortingOrder: 0
  serializedVersion: 2
  m_Quality: 0
  m_UpdateWhenOffscreen: 0
  m_Mesh: {fileID: 4300012, guid: 7363373945d85e648bce64918c11c50f, type: 3}
  m_Bones:
  - {fileID: 426972}
  - {fileID: 447976}
  - {fileID: 417602}
  - {fileID: 479314}
  m_BlendShapeWeights: []
  m_RootBone: {fileID: 417602}
  m_AABB:
    m_Center: {x: .158954546, y: .02299992, z: 1.49011612e-07}
    m_Extent: {x: .223801628, y: .0974972621, z: .136591762}
  m_DirtyAABB: 0
--- !u!137 &13795884
SkinnedMeshRenderer:
  m_ObjectHideFlags: 1
  m_PrefabParentObject: {fileID: 0}
  m_PrefabInternal: {fileID: 100100000}
  m_GameObject: {fileID: 176442}
  m_Enabled: 1
  m_CastShadows: 1
  m_ReceiveShadows: 1
  m_Materials:
  - {fileID: 2100000, guid: 7181bf3162962df4c82d9dddd027c049, type: 2}
  m_SubsetIndices: 
  m_StaticBatchRoot: {fileID: 0}
  m_UseLightProbes: 1
  m_ReflectionProbeUsage: 1
  m_ProbeAnchor: {fileID: 0}
  m_ScaleInLightmap: 1
  m_PreserveUVs: 0
  m_ImportantGI: 0
  m_AutoUVMaxDistance: .5
  m_AutoUVMaxAngle: 89
  m_LightmapParameters: {fileID: 0}
  m_SortingLayerID: 0
  m_SortingOrder: 0
  serializedVersion: 2
  m_Quality: 0
  m_UpdateWhenOffscreen: 0
  m_Mesh: {fileID: 4300002, guid: 7363373945d85e648bce64918c11c50f, type: 3}
  m_Bones:
  - {fileID: 432278}
  - {fileID: 435116}
  - {fileID: 429224}
  - {fileID: 468422}
  - {fileID: 449926}
  m_BlendShapeWeights: []
  m_RootBone: {fileID: 432278}
  m_AABB:
    m_Center: {x: -.2825647, y: .0411976017, z: 2.64123082e-05}
    m_Extent: {x: .177868918, y: .0879941583, z: .13311559}
  m_DirtyAABB: 0
--- !u!1001 &100100000
Prefab:
  m_ObjectHideFlags: 1
  serializedVersion: 2
  m_Modification:
    m_TransformParent: {fileID: 0}
    m_Modifications: []
    m_RemovedComponents: []
  m_ParentPrefab: {fileID: 0}
  m_RootGameObject: {fileID: 127604}
  m_IsPrefabParent: 1
